@book{tyler_2019,
  author    = {Tyler, B},
  title     = {Example source name},
  year      = {2019},
  publisher = {InfoPoint Publishing},
  address   = {Dublin},
}

@misc{virtanen_2021,
  author = {Virtanen, V},
  title  = {Example source title},
  year   = {2021},
  url    = {http://example.fi},
  note   = {Retrieved on 1 January 2022},
}
